<?xml version="1.0" encoding="UTF-8"?><record xmlns="http://www.loc.gov/MARC21/slim" xmlns:cinclude="http://apache.org/cocoon/include/1.0" xmlns:zs="http://www.loc.gov/zing/srw/">
  <leader>00495cz  a2200145n  4500</leader>
  <controlfield tag="001">n  79005950 </controlfield>
  <controlfield tag="003">DLC</controlfield>
  <controlfield tag="005">20120809080437.0</controlfield>
  <controlfield tag="008">790122n| aaannaab           |n aaa      </controlfield>
  <datafield tag="010" ind1=" " ind2=" ">
    <subfield code="a">n  79005950 </subfield>
  </datafield>
  <datafield tag="040" ind1=" " ind2=" ">
    <subfield code="a">DLC</subfield>
    <subfield code="b">eng</subfield>
    <subfield code="c">DLC</subfield>
    <subfield code="d">DLC</subfield>
  </datafield>
  <datafield tag="100" ind1="1" ind2=" ">
    <subfield code="a">Zel, G. v. d.</subfield>
  </datafield>
  <datafield tag="667" ind1=" " ind2=" ">
    <subfield code="a">THIS 1XX FIELD CANNOT BE USED UNDER RDA UNTIL THIS RECORD HAS BEEN REVIEWED AND/OR UPDATED</subfield>
  </datafield>
  <datafield tag="670" ind1=" " ind2=" ">
    <subfield code="a">Gulik, J. J. van der. Hoorn in oude ... 1978 (a.e.)</subfield>
    <subfield code="b">t.p. (G. v. d. Zel)</subfield>
  </datafield>
  <datafield tag="675" ind1=" " ind2=" ">
    <subfield code="a">WW Netherl., 1962-63;</subfield>
    <subfield code="a">Lect.-rep, 1966.</subfield>
  </datafield>
</record>